@article{crankshaw2014missing,
  title={The missing piece in complex analytics: Low latency, scalable model management and serving with velox},
  author={Crankshaw, Daniel and Bailis, Peter and Gonzalez, Joseph E and Li, Haoyuan and Zhang, Zhao and Franklin, Michael J and Ghodsi, Ali and Jordan, Michael I},
  journal={arXiv preprint arXiv:1409.3809},
  year={2014}
}

@article{harper2016movielens,
  title={The movielens datasets: History and context},
  author={Harper, F Maxwell and Konstan, Joseph A},
  journal={ACM Transactions on Interactive Intelligent Systems (TiiS)},
  volume={5},
  number={4},
  pages={19},
  year={2016},
  publisher={ACM}
}

@article{abadi2016tensorflow,
  title={Tensorflow: Large-scale machine learning on heterogeneous distributed systems},
  author={Abadi, Mart{\i}n and Agarwal, Ashish and Barham, Paul and Brevdo, Eugene and Chen, Zhifeng and Citro, Craig and Corrado, Greg S and Davis, Andy and Dean, Jeffrey and Devin, Matthieu and others},
  journal={arXiv preprint arXiv:1603.04467},
  year={2016}
}

@inproceedings{li2014tachyon,
  title={Tachyon: Reliable, memory speed storage for cluster computing frameworks},
  author={Li, Haoyuan and Ghodsi, Ali and Zaharia, Matei and Shenker, Scott and Stoica, Ion},
  booktitle={Proceedings of the ACM Symposium on Cloud Computing},
  pages={1--15},
  year={2014},
  organization={ACM}
}

@article{zaharia2010spark,
  title={Spark: cluster computing with working sets.},
  author={Zaharia, Matei and Chowdhury, Mosharaf and Franklin, Michael J and Shenker, Scott and Stoica, Ion},
  journal={HotCloud},
  volume={10},
  pages={10--10},
  year={2010}
}

@article{schaul2013no,
  title={No more pesky learning rates.},
  author={Schaul, Tom and Zhang, Sixin and LeCun, Yann},
  journal={ICML (3)},
  volume={28},
  pages={343--351},
  year={2013}
}

@article{kumar2015survey,
  title={A Survey of the Existing Landscape of ML Systems},
  author={Kumar, Arun and McCann, Robert and Naughton, Jeffrey and Patel, Jignesh M and Babros, Timothy E and Hunt, Randall James and Koski, Kathryn and Strikwerda, John C and Wade, Bruce A and Arnold, Robert Bruce and others},
  journal={UW-Madison CS Tech. Rep. TR1827},
  year={2015}
}

@article{hall2009weka,
  title={The WEKA data mining software: an update},
  author={Hall, Mark and Frank, Eibe and Holmes, Geoffrey and Pfahringer, Bernhard and Reutemann, Peter and Witten, Ian H},
  journal={ACM SIGKDD explorations newsletter},
  volume={11},
  number={1},
  pages={10--18},
  year={2009},
  publisher={ACM}
}

@book{Owen:2011:MA:2132656,
 author = {Owen, Sean and Anil, Robin and Dunning, Ted and Friedman, Ellen},
 title = {Mahout in Action},
 year = {2011},
 isbn = {1935182684, 9781935182689},
 publisher = {Manning Publications Co.},
 address = {Greenwich, CT, USA},
}

@article{hellerstein2012madlib,
  title={The MADlib analytics library: or MAD skills, the SQL},
  author={Hellerstein, Joseph M and R{\'e}, Christoper and Schoppmann, Florian and Wang, Daisy Zhe and Fratkin, Eugene and Gorajek, Aleksander and Ng, Kee Siong and Welton, Caleb and Feng, Xixuan and Li, Kun and others},
  journal={Proceedings of the VLDB Endowment},
  volume={5},
  number={12},
  pages={1700--1711},
  year={2012},
  publisher={VLDB Endowment}
}

@inproceedings{akdere2011case,
  title={The Case for Predictive Database Systems: Opportunities and Challenges.},
  author={Akdere, Mert and Cetintemel, Ugur and Riondato, Matteo and Upfal, Eli and Zdonik, Stanley B},
  booktitle={CIDR},
  pages={167--174},
  year={2011}
}

@inproceedings{kraska2013mlbase,
  title={MLbase: A Distributed Machine-learning System.},
  author={Kraska, Tim and Talwalkar, Ameet and Duchi, John C and Griffith, Rean and Franklin, Michael J and Jordan, Michael I},
  booktitle={CIDR},
  volume={1},
  pages={2--1},
  year={2013}
}

@article{sparks2015tupaq,
  title={TuPAQ: An efficient planner for large-scale predictive analytic queries},
  author={Sparks, Evan R and Talwalkar, Ameet and Franklin, Michael J and Jordan, Michael I and Kraska, Tim},
  journal={arXiv preprint arXiv:1502.00068},
  year={2015}
}

@article{carbone2015apache,
  title={Apache flink: Stream and batch processing in a single engine},
  author={Carbone, Paris and Ewen, Stephan and Haridi, Seif and Katsifodimos, Asterios and Markl, Volker and Tzoumas, Kostas},
  journal={Data Engineering},
  pages={28},
  year={2015}
}

@article{alexandrov2014stratosphere,
  title={The Stratosphere platform for big data analytics},
  author={Alexandrov, Alexander and Bergmann, Rico and Ewen, Stephan and Freytag, Johann-Christoph and Hueske, Fabian and Heise, Arvid and Kao, Odej and Leich, Marcus and Leser, Ulf and Markl, Volker and others},
  journal={The VLDB Journal},
  volume={23},
  number={6},
  pages={939--964},
  year={2014},
  publisher={Springer}
}

@article{krizhevsky2009learning,
  title={Learning multiple layers of features from tiny images},
  author={Krizhevsky, Alex and Hinton, Geoffrey},
  year={2009},
  publisher={Citeseer}
}

@article{koren2009matrix,
  title={Matrix factorization techniques for recommender systems},
  author={Koren, Yehuda and Bell, Robert and Volinsky, Chris and others},
  journal={Computer},
  volume={42},
  number={8},
  pages={30--37},
  year={2009},
  publisher={Institute of Electrical and Electronics Engineers, Inc., 3 Park Avenue, 17 th Fl New York NY 10016-5997 United States}
}

@misc{funk2006netflix,
  title={Netflix update: Try this at home},
  author={Funk, Simon},
  year={2006}
}

@inproceedings{gemulla2011large,
  title={Large-scale matrix factorization with distributed stochastic gradient descent},
  author={Gemulla, Rainer and Nijkamp, Erik and Haas, Peter J and Sismanis, Yannis},
  booktitle={Proceedings of the 17th ACM SIGKDD international conference on Knowledge discovery and data mining},
  pages={69--77},
  year={2011},
  organization={ACM}
}

@inproceedings{krizhevsky2012imagenet,
  title={Imagenet classification with deep convolutional neural networks},
  author={Krizhevsky, Alex and Sutskever, Ilya and Hinton, Geoffrey E},
  booktitle={Advances in neural information processing systems},
  pages={1097--1105},
  year={2012}
}

@article{hinton2006fast,
  title={A fast learning algorithm for deep belief nets},
  author={Hinton, Geoffrey E and Osindero, Simon and Teh, Yee-Whye},
  journal={Neural computation},
  volume={18},
  number={7},
  pages={1527--1554},
  year={2006},
  publisher={MIT Press}
}

@inproceedings{sutskever2014sequence,
  title={Sequence to sequence learning with neural networks},
  author={Sutskever, Ilya and Vinyals, Oriol and Le, Quoc V},
  booktitle={Advances in neural information processing systems},
  pages={3104--3112},
  year={2014}
}

@article{mikolov2013efficient,
  title={Efficient estimation of word representations in vector space},
  author={Mikolov, Tomas and Chen, Kai and Corrado, Greg and Dean, Jeffrey},
  journal={arXiv preprint arXiv:1301.3781},
  year={2013}
}

@article{ILSVRC15,
Author = {Olga Russakovsky and Jia Deng and Hao Su and Jonathan Krause and Sanjeev Satheesh and Sean Ma and Zhiheng Huang and Andrej Karpathy and Aditya Khosla and Michael Bernstein and Alexander C. Berg and Li Fei-Fei},
Title = {{ImageNet Large Scale Visual Recognition Challenge}},
Year = {2015},
journal   = {International Journal of Computer Vision (IJCV)},
doi = {10.1007/s11263-015-0816-y},
volume={115},
number={3},
pages={211-252}
}

@inproceedings{recht2011hogwild,
  title={Hogwild: A lock-free approach to parallelizing stochastic gradient descent},
  author={Recht, Benjamin and Re, Christopher and Wright, Stephen and Niu, Feng},
  booktitle={Advances in Neural Information Processing Systems},
  pages={693--701},
  year={2011}
}

@inproceedings{dean2012large,
  title={Large scale distributed deep networks},
  author={Dean, Jeffrey and Corrado, Greg and Monga, Rajat and Chen, Kai and Devin, Matthieu and Mao, Mark and Senior, Andrew and Tucker, Paul and Yang, Ke and Le, Quoc V and others},
  booktitle={Advances in neural information processing systems},
  pages={1223--1231},
  year={2012}
}

@inproceedings{zhang2004solving,
  title={Solving large scale linear prediction problems using stochastic gradient descent algorithms},
  author={Zhang, Tong},
  booktitle={Proceedings of the twenty-first international conference on Machine learning},
  pages={116},
  year={2004},
  organization={ACM}
}

@article{bottou1995convergence,
  title={Convergence properties of the k-means algorithms},
  author={Bottou, Leon and Bengio, Yoshua and others},
  journal={Advances in neural information processing systems},
  pages={585--592},
  year={1995},
  publisher={MORGAN KAUFMANN PUBLISHERS}
}

@inproceedings{shvachko2010hadoop,
  title={The hadoop distributed file system},
  author={Shvachko, Konstantin and Kuang, Hairong and Radia, Sanjay and Chansler, Robert},
  booktitle={2010 IEEE 26th symposium on mass storage systems and technologies (MSST)},
  pages={1--10},
  year={2010},
  organization={IEEE}
}
@article{lecun-mnist,
  added-at = {2010-06-28T21:16:30.000+0200},
  author = {LeCun, Yann and Cortes, Corinna},
  biburl = {http://www.bibsonomy.org/bibtex/2935bad99fa1f65e03c25b315aa3c1032/mhwombat},
  groups = {public},
  howpublished = {http://yann.lecun.com/exdb/mnist/},
  interhash = {21b9d0558bd66279df9452562df6e6f3},
  intrahash = {935bad99fa1f65e03c25b315aa3c1032},
  keywords = {MSc _checked character_recognition mnist network neural},
  lastchecked = {2016-01-14 14:24:11},
  timestamp = {2016-07-12T19:25:30.000+0200},
  title = {{MNIST} handwritten digit database},
  url = {http://yann.lecun.com/exdb/mnist/},
  username = {mhwombat},
  year = 2010
}

@inproceedings{collobert2004links,
  title={Links between perceptrons, MLPs and SVMs},
  author={Collobert, Ronan and Bengio, Samy},
  booktitle={Proceedings of the twenty-first international conference on Machine learning},
  pages={23},
  year={2004},
  organization={ACM}
}

@article{bishop2006pattern,
  title={Pattern recognition},
  author={Bishop, Christopher M},
  journal={Machine Learning},
  volume={128},
  year={2006}
}
