@article{crankshaw2014missing,
  title={The missing piece in complex analytics: Low latency, scalable model management and serving with velox},
  author={D. Crankshaw and P. Bailis and J. Gonzalez H. Li and others},
  journal={arXiv preprint arXiv:1409.3809},
  year={2014}
}

%@article{harper2016movielens,
%  title={The movielens datasets: History and context},
%  author={Harper, F Maxwell and Konstan, Joseph A},
%  journal={ACM Transactions on Interactive Intelligent Systems (TiiS)},
%  volume={5},
%  number={4},
%  pages={19},
%  year={2016},
%  publisher={ACM}
%}

@article{akidau2015dataflow,
  title={The dataflow model: a practical approach to balancing correctness, latency, and cost in massive-scale, unbounded, out-of-order data processing},
  author={T. Akidau and R. Bradshaw and C. Chambers and S. Chernyak and others},
  journal={Proceedings of the VLDB Endowment},
  volume={8},
  number={12},
  pages={1792--1803},
  year={2015},
  publisher={VLDB Endowment}
}

@article{dawid1984present,
  title={Present position and potential developments: Some personal views: Statistical theory: The prequential approach},
  author={P. Dawid},
  journal={Journal of the Royal Statistical Society. Series A (General)},
  pages={278--292},
  year={1984},
  publisher={JSTOR}
}

@article{abadi2016tensorflow,
  title={Tensorflow: Large-scale machine learning on heterogeneous distributed systems},
  author={M. Abadi and A. Agarwal and P. Barham and E. Brevdo and others},
  journal={arXiv preprint arXiv:1603.04467},
  year={2016}
}

@inproceedings{li2014tachyon,
  title={Tachyon: Reliable, memory speed storage for cluster computing frameworks},
  author={H. Li and A. Ghodsi and M. Zaharia and S. Shenker and I. Stoica},
  booktitle={Proceedings of the ACM Symposium on Cloud Computing},
  pages={1--15},
  year={2014},
  organization={ACM}
}

@article{zaharia2010spark,
  title={Spark: cluster computing with working sets.},
  author={M. Zaharia and M. Chowdhury and M. Franklin and S. Shenker and I. Stoica},
  journal={HotCloud},
  volume={10},
  pages={10--10},
  year={2010}
}

@inproceedings{zaharia2013discretized,
  title={Discretized streams: Fault-tolerant streaming computation at scale},
  author={M. Zaharia and T. Das and H. Li and T. Hunter and others},
  booktitle={Proceedings of the Twenty-Fourth ACM Symposium on Operating Systems Principles},
  pages={423--438},
  year={2013},
  organization={ACM}
}

@article{schaul2013no,
  title={No more pesky learning rates.},
  author={T. Schaul and S. Zhang and Y. LeCun},
  journal={ICML (3)},
  volume={28},
  pages={343--351},
  year={2013}
}

@article{kumar2015survey,
  title={A Survey of the Existing Landscape of ML Systems},
  author={A. Kumar and R. McCann and J. Naughton and J. Patel and others},
  journal={UW-Madison CS Tech. Rep. TR1827},
  year={2015}
}

@article{hall2009weka,
  title={The WEKA data mining software: an update},
  author={M. Hall and E. Frank and G. Holmes and B. Pfahringer and others},
  journal={ACM SIGKDD explorations newsletter},
  volume={11},
  number={1},
  pages={10--18},
  year={2009},
  publisher={ACM}
}

@book{Owen:2011:MA:2132656,
 author = {S. Owen and R. Anil and T. Dunning and E. Friedman},
 title = {Mahout in Action},
 year = {2011},
 isbn = {1935182684, 9781935182689},
 publisher = {Manning Publications Co.},
 address = {Greenwich, CT, USA},
}

@article{hellerstein2012madlib,
  title={The MADlib analytics library: or MAD skills, the SQL},
  author={J. Hellerstein and C. R{\'e} and F. Schoppmann and D. Wang and others},
  journal={Proceedings of the VLDB Endowment},
  volume={5},
  number={12},
  pages={1700--1711},
  year={2012},
  publisher={VLDB Endowment}
}

@inproceedings{akdere2011case,
  title={The Case for Predictive Database Systems: Opportunities and Challenges.},
  author={M. Akdere and U. Cetintemel and M. Riondato and E. Upfal and S. Zdonik},
  booktitle={CIDR},
  pages={167--174},
  year={2011}
}

@inproceedings{kraska2013mlbase,
  title={MLbase: A Distributed Machine-learning System.},
  author={T. Kraska and A. Talwalkar and J. Duchi and R. Griffith and others},
  booktitle={CIDR},
  volume={1},
  pages={2--1},
  year={2013}
}

@article{sparks2015tupaq,
  title={TuPAQ: An efficient planner for large-scale predictive analytic queries},
  author={E. Sparks and A. Talwalkar and M. Franklin and M. Jordan and T. Kraska},
  journal={arXiv preprint arXiv:1502.00068},
  year={2015}
}

@article{carbone2015apache,
  title={Apache flink: Stream and batch processing in a single engine},
  author={P. Carbone and S. Ewen and S. Haridi and A. Katsifodimos and others},
  journal={Data Engineering},
  pages={28},
  year={2015}
}

@article{alexandrov2014stratosphere,
  title={The Stratosphere platform for big data analytics},
  author={A. Alexandrov and R. Bergmann and S. Ewen and J. Freytag and others},
  journal={The VLDB Journal},
  volume={23},
  number={6},
  pages={939--964},
  year={2014},
  publisher={Springer}
}

@article{krizhevsky2009learning,
  title={Learning multiple layers of features from tiny images},
  author={A. Krizhevsky and G. Hinton},
  year={2009},
  publisher={Citeseer}
}

@article{koren2009matrix,
  title={Matrix factorization techniques for recommender systems},
  author={Y. Koren and R. Bell and C. Volinsky and others},
  journal={Computer},
  volume={42},
  number={8},
  pages={30--37},
  year={2009},
  publisher={Institute of Electrical and Electronics Engineers, Inc., 3 Park Avenue, 17 th Fl New York NY 10016-5997 United States}
}

@misc{funk2006netflix,
  title={Netflix update: Try this at home},
  author={S. Funk},
  year={2006}
}

@inproceedings{gemulla2011large,
  title={Large-scale matrix factorization with distributed stochastic gradient descent},
  author={R. Gemulla and E. Nijkamp and P. Haas and Y. Sismanis},
  booktitle={Proceedings of the 17th ACM SIGKDD international conference on Knowledge discovery and data mining},
  pages={69--77},
  year={2011},
  organization={ACM}
}

@inproceedings{krizhevsky2012imagenet,
  title={Imagenet classification with deep convolutional neural networks},
  author={A. Krizhevsky and I. Sutskever and G. Hinton},
  booktitle={Advances in neural information processing systems},
  pages={1097--1105},
  year={2012}
}

@article{hinton2006fast,
  title={A fast learning algorithm for deep belief nets},
  author={G. Hinton and S. Osindero and Y. Teh},
  journal={Neural computation},
  volume={18},
  number={7},
  pages={1527--1554},
  year={2006},
  publisher={MIT Press}
}

@inproceedings{sutskever2014sequence,
  title={Sequence to sequence learning with neural networks},
  author={I. Sutskever and O. Vinyals and Q. Le},
  booktitle={Advances in neural information processing systems},
  pages={3104--3112},
  year={2014}
}

@article{mikolov2013efficient,
  title={Efficient estimation of word representations in vector space},
  author={T. Mikolov and K. Chen and G. Corrado and J. Dean},
  journal={arXiv preprint arXiv:1301.3781},
  year={2013}
}

@article{ILSVRC15,
Author = {O. Russakovsky and J. Deng and H. Su and J. Krause and others},
Title = {{ImageNet Large Scale Visual Recognition Challenge}},
Year = {2015},
journal   = {International Journal of Computer Vision (IJCV)},
doi = {10.1007/s11263-015-0816-y},
volume={115},
number={3},
pages={211-252}
}

@inproceedings{recht2011hogwild,
  title={Hogwild: A lock-free approach to parallelizing stochastic gradient descent},
  author={B. Recht and C. Re and S. Wright and F. Niu},
  booktitle={Advances in Neural Information Processing Systems},
  pages={693--701},
  year={2011}
}

@inproceedings{dean2012large,
  title={Large scale distributed deep networks},
  author={J. Dean and G. Corrado and R. Monga and K. Chen and others},
  booktitle={Advances in neural information processing systems},
  pages={1223--1231},
  year={2012}
}

@inproceedings{zhang2004solving,
  title={Solving large scale linear prediction problems using stochastic gradient descent algorithms},
  author={T. Zhang},
  booktitle={Proceedings of the twenty-first international conference on Machine learning},
  pages={116},
  year={2004},
  organization={ACM}
}

@article{bottou1995convergence,
  title={Convergence properties of the k-means algorithms},
  author={L. Bottou and Y. Bengio and others},
  journal={Advances in neural information processing systems},
  pages={585--592},
  year={1995},
  publisher={MORGAN KAUFMANN PUBLISHERS}
}

@inproceedings{shvachko2010hadoop,
  title={The hadoop distributed file system},
  author={K. Shvachko and H. Kuang and S. Radia and R.Chansler},
  booktitle={2010 IEEE 26th symposium on mass storage systems and technologies (MSST)},
  pages={1--10},
  year={2010},
  organization={IEEE}
}
@article{lecun-mnist,
  added-at = {2010-06-28T21:16:30.000+0200},
  author = {Y. LeCun and C. Cortes},
  biburl = {http://www.bibsonomy.org/bibtex/2935bad99fa1f65e03c25b315aa3c1032/mhwombat},
  groups = {public},
  howpublished = {http://yann.lecun.com/exdb/mnist/},
  interhash = {21b9d0558bd66279df9452562df6e6f3},
  intrahash = {935bad99fa1f65e03c25b315aa3c1032},
  keywords = {MSc _checked character_recognition mnist network neural},
  lastchecked = {2016-01-14 14:24:11},
  timestamp = {2016-07-12T19:25:30.000+0200},
  title = {{MNIST} handwritten digit database},
  url = {http://yann.lecun.com/exdb/mnist/},
  username = {mhwombat},
  year = 2010
}

@inproceedings{collobert2004links,
  title={Links between perceptrons, MLPs and SVMs},
  author={R. Collobert and S. Bengio},
  booktitle={Proceedings of the twenty-first international conference on Machine learning},
  pages={23},
  year={2004},
  organization={ACM}
}

@article{bishop2006pattern,
  title={Pattern recognition},
  author={C. Bishop},
  journal={Machine Learning},
  volume={128},
  year={2006}
}

@inproceedings{macmahan2013,
title = {Ad Click Prediction: a View from the Trenches},
author  = {H. McMahan and G. Holt and D. Sculley and M. Young and others},
year  = 2013,
booktitle = {Proceedings of the 19th ACM SIGKDD International Conference on Knowledge Discovery and Data Mining (KDD)}
}

@inproceedings{graepel2010web,
  title={Web-scale bayesian click-through rate prediction for sponsored search advertising in microsoft's bing search engine},
  author={T. Graepel and J. Candela and T. Borchert and R. Herbrich},
  booktitle={Proceedings of the 27th international conference on machine learning (ICML-10)},
  pages={13--20},
  year={2010}
}
@book{hosmer2013applied,
  title={Applied logistic regression},
  author={D. Hosmer Jr and S. Lemeshow and R. Sturdivant},
  volume={398},
  year={2013},
  publisher={John Wiley \& Sons}
}

@book{seber2012linear,
  title={Linear regression analysis},
  author={G. Seber and A. Lee},
  volume={936},
  year={2012},
  publisher={John Wiley \& Sons}
}

@book{steinwart2008support,
  title={Support vector machines},
  author={I. Steinwart and A. Christmann},
  year={2008},
  publisher={Springer Science \& Business Media}
}

@article{crankshaw2016clipper,
  title={Clipper: A Low-Latency Online Prediction Serving System},
  author={D. Crankshaw and X. Wang and G. Zhou and M. Franklin and others},
  journal={arXiv preprint arXiv:1612.03079},
  year={2016}
}

@incollection{bottou2010large,
  title={Large-scale machine learning with stochastic gradient descent},
  author={L. Bottou},
  booktitle={Proceedings of COMPSTAT'2010},
  pages={177--186},
  year={2010},
  publisher={Springer}
}

@online{criteo-kaggle,
  author = {Criteo Labs},
  title = {Kaggle Display Advertising Challenge Dataset},
  year = 2014,
  url = {http://labs.criteo.com/2014/02/kaggle-display-advertising-challenge-dataset/},
  urldate = {2017-02-01}
}

@inproceedings{gama2009issues,
  title={Issues in evaluation of stream learning algorithms},
  author={J. Gama and R. Sebasti{\~a}o and P. Rodrigues},
  booktitle={Proceedings of the 15th ACM SIGKDD international conference on Knowledge discovery and data mining},
  pages={329--338},
  year={2009},
  organization={ACM}
}

@article{mnih2013playing,
  title={Playing atari with deep reinforcement learning},
  author={V. Mnih and K. Kavukcuoglu and D. Silver and A. Graves and others},
  journal={arXiv preprint arXiv:1312.5602},
  year={2013}
}


@inproceedings{ma2009identifying,
  title={Identifying suspicious URLs: an application of large-scale online learning},
  author={J. Ma and L. Saul and S. Savage and G. Voelker},
  booktitle={Proceedings of the 26th annual international conference on machine learning},
  pages={681--688},
  year={2009},
  organization={ACM}
}

@misc{newyork-taxi,
  author = {O. Chapelle},
  title = {NYC Taxi \& Lomousine Commision Trip Record Data},
  howpublished = "\url{http://www.nyc.gov/html/tlc/html/about/trip_record_data.shtml}",
  note = "[Online; accessed 10-April-2018]"
}

@article{qian1999momentum,
  title={On the momentum term in gradient descent learning algorithms},
  author={N. Qian},
  journal={Neural networks},
  volume={12},
  number={1},
  pages={145--151},
  year={1999},
  publisher={Elsevier}
}
@article{kingma2014adam,
  title={Adam: A method for stochastic optimization},
  author={D. Kingma and J. Ba},
  journal={arXiv preprint arXiv:1412.6980},
  year={2014}
}
@article{tieleman2012lecture,
  title={Lecture 6.5-rmsprop: Divide the gradient by a running average of its recent magnitude},
  author={T. Tieleman and G. Hinton},
  journal={COURSERA: Neural networks for machine learning},
  volume={4},
  number={2},
  pages={26--31},
  year={2012}
}

@article{zeiler2012adadelta,
  title={ADADELTA: an adaptive learning rate method},
  author={M. Zeiler},
  journal={arXiv preprint arXiv:1212.5701},
  year={2012}
}

@inproceedings{baylor2017tfx,
  title={TFX: A TensorFlow-Based Production-Scale Machine Learning Platform},
  author={D. Baylor and E. Breck and H. Cheng and N. Fiedel and others},
  booktitle={Proceedings of the 23rd ACM SIGKDD International Conference on Knowledge Discovery and Data Mining},
  pages={1387--1395},
  year={2017},
  organization={ACM}
}


@article{bergstra2012random,
  title={Random search for hyper-parameter optimization},
  author={J. Bergstra and Y. Bengio},
  journal={Journal of Machine Learning Research},
  volume={13},
  number={Feb},
  pages={281--305},
  year={2012}
}

@article{duchi2011adaptive,
  title={Adaptive subgradient methods for online learning and stochastic optimization},
  author={J. Duchi and E. Hazan and Y. Singer},
  journal={Journal of Machine Learning Research},
  volume={12},
  number={Jul},
  pages={2121--2159},
  year={2011}
}

@inproceedings{ling2017model,
  title={Model Ensemble for Click Prediction in Bing Search Ads},
  author={X. Ling and W. Deng and C. Gu and H. Zhou and others},
  booktitle={Proceedings of the 26th International Conference on World Wide Web Companion},
  pages={689--698},
  year={2017},
  organization={International World Wide Web Conferences Steering Committee}
}

@inproceedings{gepperth2016incremental,
  title={Incremental learning algorithms and applications},
  author={A. Gepperth and B. Hammer},
  booktitle={European Symposium on Artificial Neural Networks (ESANN)},
  year={2016}
}

@article{sun2012arithmetic,
  title={Arithmetic theory of harmonic numbers},
  author={Z. Sun},
  journal={Proceedings of the American Mathematical Society},
  volume={140},
  number={2},
  pages={415--428},
  year={2012}
}

@article{park2018blinkml,
  title={BlinkML: Approximate Machine Learning with Probabilistic Guarantees},
  author={Y. Park and J. Qing and X. Shen and B. Mozafari},
  year={2018}
}

@article{yu2016scalable,
  title={Scalable and accurate online feature selection for big data},
  author={K. Yu and X. Wu and W. Ding and J. Pei},
  journal={ACM Transactions on Knowledge Discovery from Data (TKDD)},
  volume={11},
  number={2},
  pages={16},
  year={2016},
  publisher={ACM}
}

@article{tsamardinos2018greedy,
  title={A greedy feature selection algorithm for Big Data of high dimensionality},
  author={I. Tsamardinos and G. Borboudakis and P. Katsogridakis and P. Pratikakis and V. Christophides},
  journal={Machine Learning},
  pages={1--54},
  year={2018},
  publisher={Springer}
}

@inproceedings{hutter2011sequential,
  title={Sequential model-based optimization for general algorithm configuration},
  author={F. Hutter and H. Hoos and K. Leyton-Brown},
  booktitle={International Conference on Learning and Intelligent Optimization},
  pages={507--523},
  year={2011},
  organization={Springer}
}