@article{crankshaw2014missing,
  title={The missing piece in complex analytics: Low latency, scalable model management and serving with velox},
  author={Crankshaw, Daniel and Bailis, Peter and Gonzalez, Joseph E and Li, Haoyuan and Zhang, Zhao and Franklin, Michael J and Ghodsi, Ali and Jordan, Michael I},
  journal={arXiv preprint arXiv:1409.3809},
  year={2014}
}

@article{harper2016movielens,
  title={The movielens datasets: History and context},
  author={Harper, F Maxwell and Konstan, Joseph A},
  journal={ACM Transactions on Interactive Intelligent Systems (TiiS)},
  volume={5},
  number={4},
  pages={19},
  year={2016},
  publisher={ACM}
}

@article{dawid1984present,
  title={Present position and potential developments: Some personal views: Statistical theory: The prequential approach},
  author={Dawid, A Philip},
  journal={Journal of the Royal Statistical Society. Series A (General)},
  pages={278--292},
  year={1984},
  publisher={JSTOR}
}

@article{abadi2016tensorflow,
  title={Tensorflow: Large-scale machine learning on heterogeneous distributed systems},
  author={Abadi, Mart{\i}n and Agarwal, Ashish and Barham, Paul and Brevdo, Eugene and Chen, Zhifeng and Citro, Craig and Corrado, Greg S and Davis, Andy and Dean, Jeffrey and Devin, Matthieu and others},
  journal={arXiv preprint arXiv:1603.04467},
  year={2016}
}

@inproceedings{li2014tachyon,
  title={Tachyon: Reliable, memory speed storage for cluster computing frameworks},
  author={Li, Haoyuan and Ghodsi, Ali and Zaharia, Matei and Shenker, Scott and Stoica, Ion},
  booktitle={Proceedings of the ACM Symposium on Cloud Computing},
  pages={1--15},
  year={2014},
  organization={ACM}
}

@article{zaharia2010spark,
  title={Spark: cluster computing with working sets.},
  author={Zaharia, Matei and Chowdhury, Mosharaf and Franklin, Michael J and Shenker, Scott and Stoica, Ion},
  journal={HotCloud},
  volume={10},
  pages={10--10},
  year={2010}
}

@inproceedings{zaharia2013discretized,
  title={Discretized streams: Fault-tolerant streaming computation at scale},
  author={Zaharia, Matei and Das, Tathagata and Li, Haoyuan and Hunter, Timothy and Shenker, Scott and Stoica, Ion},
  booktitle={Proceedings of the Twenty-Fourth ACM Symposium on Operating Systems Principles},
  pages={423--438},
  year={2013},
  organization={ACM}
}

@article{schaul2013no,
  title={No more pesky learning rates.},
  author={Schaul, Tom and Zhang, Sixin and LeCun, Yann},
  journal={ICML (3)},
  volume={28},
  pages={343--351},
  year={2013}
}

@article{kumar2015survey,
  title={A Survey of the Existing Landscape of ML Systems},
  author={Kumar, Arun and McCann, Robert and Naughton, Jeffrey and Patel, Jignesh M and Babros, Timothy E and Hunt, Randall James and Koski, Kathryn and Strikwerda, John C and Wade, Bruce A and Arnold, Robert Bruce and others},
  journal={UW-Madison CS Tech. Rep. TR1827},
  year={2015}
}

@article{hall2009weka,
  title={The WEKA data mining software: an update},
  author={Hall, Mark and Frank, Eibe and Holmes, Geoffrey and Pfahringer, Bernhard and Reutemann, Peter and Witten, Ian H},
  journal={ACM SIGKDD explorations newsletter},
  volume={11},
  number={1},
  pages={10--18},
  year={2009},
  publisher={ACM}
}

@book{Owen:2011:MA:2132656,
 author = {Owen, Sean and Anil, Robin and Dunning, Ted and Friedman, Ellen},
 title = {Mahout in Action},
 year = {2011},
 isbn = {1935182684, 9781935182689},
 publisher = {Manning Publications Co.},
 address = {Greenwich, CT, USA},
}

@article{hellerstein2012madlib,
  title={The MADlib analytics library: or MAD skills, the SQL},
  author={Hellerstein, Joseph M and R{\'e}, Christoper and Schoppmann, Florian and Wang, Daisy Zhe and Fratkin, Eugene and Gorajek, Aleksander and Ng, Kee Siong and Welton, Caleb and Feng, Xixuan and Li, Kun and others},
  journal={Proceedings of the VLDB Endowment},
  volume={5},
  number={12},
  pages={1700--1711},
  year={2012},
  publisher={VLDB Endowment}
}

@inproceedings{akdere2011case,
  title={The Case for Predictive Database Systems: Opportunities and Challenges.},
  author={Akdere, Mert and Cetintemel, Ugur and Riondato, Matteo and Upfal, Eli and Zdonik, Stanley B},
  booktitle={CIDR},
  pages={167--174},
  year={2011}
}

@inproceedings{kraska2013mlbase,
  title={MLbase: A Distributed Machine-learning System.},
  author={Kraska, Tim and Talwalkar, Ameet and Duchi, John C and Griffith, Rean and Franklin, Michael J and Jordan, Michael I},
  booktitle={CIDR},
  volume={1},
  pages={2--1},
  year={2013}
}

@article{sparks2015tupaq,
  title={TuPAQ: An efficient planner for large-scale predictive analytic queries},
  author={Sparks, Evan R and Talwalkar, Ameet and Franklin, Michael J and Jordan, Michael I and Kraska, Tim},
  journal={arXiv preprint arXiv:1502.00068},
  year={2015}
}

@article{carbone2015apache,
  title={Apache flink: Stream and batch processing in a single engine},
  author={Carbone, Paris and Ewen, Stephan and Haridi, Seif and Katsifodimos, Asterios and Markl, Volker and Tzoumas, Kostas},
  journal={Data Engineering},
  pages={28},
  year={2015}
}

@article{alexandrov2014stratosphere,
  title={The Stratosphere platform for big data analytics},
  author={Alexandrov, Alexander and Bergmann, Rico and Ewen, Stephan and Freytag, Johann-Christoph and Hueske, Fabian and Heise, Arvid and Kao, Odej and Leich, Marcus and Leser, Ulf and Markl, Volker and others},
  journal={The VLDB Journal},
  volume={23},
  number={6},
  pages={939--964},
  year={2014},
  publisher={Springer}
}

@article{krizhevsky2009learning,
  title={Learning multiple layers of features from tiny images},
  author={Krizhevsky, Alex and Hinton, Geoffrey},
  year={2009},
  publisher={Citeseer}
}

@article{koren2009matrix,
  title={Matrix factorization techniques for recommender systems},
  author={Koren, Yehuda and Bell, Robert and Volinsky, Chris and others},
  journal={Computer},
  volume={42},
  number={8},
  pages={30--37},
  year={2009},
  publisher={Institute of Electrical and Electronics Engineers, Inc., 3 Park Avenue, 17 th Fl New York NY 10016-5997 United States}
}

@misc{funk2006netflix,
  title={Netflix update: Try this at home},
  author={Funk, Simon},
  year={2006}
}

@inproceedings{gemulla2011large,
  title={Large-scale matrix factorization with distributed stochastic gradient descent},
  author={Gemulla, Rainer and Nijkamp, Erik and Haas, Peter J and Sismanis, Yannis},
  booktitle={Proceedings of the 17th ACM SIGKDD international conference on Knowledge discovery and data mining},
  pages={69--77},
  year={2011},
  organization={ACM}
}

@inproceedings{krizhevsky2012imagenet,
  title={Imagenet classification with deep convolutional neural networks},
  author={Krizhevsky, Alex and Sutskever, Ilya and Hinton, Geoffrey E},
  booktitle={Advances in neural information processing systems},
  pages={1097--1105},
  year={2012}
}

@article{hinton2006fast,
  title={A fast learning algorithm for deep belief nets},
  author={Hinton, Geoffrey E and Osindero, Simon and Teh, Yee-Whye},
  journal={Neural computation},
  volume={18},
  number={7},
  pages={1527--1554},
  year={2006},
  publisher={MIT Press}
}

@inproceedings{sutskever2014sequence,
  title={Sequence to sequence learning with neural networks},
  author={Sutskever, Ilya and Vinyals, Oriol and Le, Quoc V},
  booktitle={Advances in neural information processing systems},
  pages={3104--3112},
  year={2014}
}

@article{mikolov2013efficient,
  title={Efficient estimation of word representations in vector space},
  author={Mikolov, Tomas and Chen, Kai and Corrado, Greg and Dean, Jeffrey},
  journal={arXiv preprint arXiv:1301.3781},
  year={2013}
}

@article{ILSVRC15,
Author = {Olga Russakovsky and Jia Deng and Hao Su and Jonathan Krause and Sanjeev Satheesh and Sean Ma and Zhiheng Huang and Andrej Karpathy and Aditya Khosla and Michael Bernstein and Alexander C. Berg and Li Fei-Fei},
Title = {{ImageNet Large Scale Visual Recognition Challenge}},
Year = {2015},
journal   = {International Journal of Computer Vision (IJCV)},
doi = {10.1007/s11263-015-0816-y},
volume={115},
number={3},
pages={211-252}
}

@inproceedings{recht2011hogwild,
  title={Hogwild: A lock-free approach to parallelizing stochastic gradient descent},
  author={Recht, Benjamin and Re, Christopher and Wright, Stephen and Niu, Feng},
  booktitle={Advances in Neural Information Processing Systems},
  pages={693--701},
  year={2011}
}

@inproceedings{dean2012large,
  title={Large scale distributed deep networks},
  author={Dean, Jeffrey and Corrado, Greg and Monga, Rajat and Chen, Kai and Devin, Matthieu and Mao, Mark and Senior, Andrew and Tucker, Paul and Yang, Ke and Le, Quoc V and others},
  booktitle={Advances in neural information processing systems},
  pages={1223--1231},
  year={2012}
}

@inproceedings{zhang2004solving,
  title={Solving large scale linear prediction problems using stochastic gradient descent algorithms},
  author={Zhang, Tong},
  booktitle={Proceedings of the twenty-first international conference on Machine learning},
  pages={116},
  year={2004},
  organization={ACM}
}

@article{bottou1995convergence,
  title={Convergence properties of the k-means algorithms},
  author={Bottou, Leon and Bengio, Yoshua and others},
  journal={Advances in neural information processing systems},
  pages={585--592},
  year={1995},
  publisher={MORGAN KAUFMANN PUBLISHERS}
}

@inproceedings{shvachko2010hadoop,
  title={The hadoop distributed file system},
  author={Shvachko, Konstantin and Kuang, Hairong and Radia, Sanjay and Chansler, Robert},
  booktitle={2010 IEEE 26th symposium on mass storage systems and technologies (MSST)},
  pages={1--10},
  year={2010},
  organization={IEEE}
}
@article{lecun-mnist,
  added-at = {2010-06-28T21:16:30.000+0200},
  author = {LeCun, Yann and Cortes, Corinna},
  biburl = {http://www.bibsonomy.org/bibtex/2935bad99fa1f65e03c25b315aa3c1032/mhwombat},
  groups = {public},
  howpublished = {http://yann.lecun.com/exdb/mnist/},
  interhash = {21b9d0558bd66279df9452562df6e6f3},
  intrahash = {935bad99fa1f65e03c25b315aa3c1032},
  keywords = {MSc _checked character_recognition mnist network neural},
  lastchecked = {2016-01-14 14:24:11},
  timestamp = {2016-07-12T19:25:30.000+0200},
  title = {{MNIST} handwritten digit database},
  url = {http://yann.lecun.com/exdb/mnist/},
  username = {mhwombat},
  year = 2010
}

@inproceedings{collobert2004links,
  title={Links between perceptrons, MLPs and SVMs},
  author={Collobert, Ronan and Bengio, Samy},
  booktitle={Proceedings of the twenty-first international conference on Machine learning},
  pages={23},
  year={2004},
  organization={ACM}
}

@article{bishop2006pattern,
  title={Pattern recognition},
  author={Bishop, Christopher M},
  journal={Machine Learning},
  volume={128},
  year={2006}
}

@inproceedings{macmahan2013,
title = {Ad Click Prediction: a View from the Trenches},
author  = {H. Brendan McMahan and Gary Holt and D. Sculley and Michael Young and Dietmar Ebner and Julian Grady and Lan Nie and Todd Phillips and Eugene Davydov and Daniel Golovin and Sharat Chikkerur and Dan Liu and Martin Wattenberg and Arnar Mar Hrafnkelsson and Tom Boulos and Jeremy Kubica},
year  = 2013,
booktitle = {Proceedings of the 19th ACM SIGKDD International Conference on Knowledge Discovery and Data Mining (KDD)}
}

@inproceedings{graepel2010web,
  title={Web-scale bayesian click-through rate prediction for sponsored search advertising in microsoft's bing search engine},
  author={Graepel, Thore and Candela, Joaquin Q and Borchert, Thomas and Herbrich, Ralf},
  booktitle={Proceedings of the 27th international conference on machine learning (ICML-10)},
  pages={13--20},
  year={2010}
}
@book{hosmer2013applied,
  title={Applied logistic regression},
  author={Hosmer Jr, David W and Lemeshow, Stanley and Sturdivant, Rodney X},
  volume={398},
  year={2013},
  publisher={John Wiley \& Sons}
}

@book{seber2012linear,
  title={Linear regression analysis},
  author={Seber, George AF and Lee, Alan J},
  volume={936},
  year={2012},
  publisher={John Wiley \& Sons}
}

@book{steinwart2008support,
  title={Support vector machines},
  author={Steinwart, Ingo and Christmann, Andreas},
  year={2008},
  publisher={Springer Science \& Business Media}
}

@article{crankshaw2016clipper,
  title={Clipper: A Low-Latency Online Prediction Serving System},
  author={Crankshaw, Daniel and Wang, Xin and Zhou, Giulio and Franklin, Michael J and Gonzalez, Joseph E and Stoica, Ion},
  journal={arXiv preprint arXiv:1612.03079},
  year={2016}
}

@incollection{bottou2010large,
  title={Large-scale machine learning with stochastic gradient descent},
  author={Bottou, L{\'e}on},
  booktitle={Proceedings of COMPSTAT'2010},
  pages={177--186},
  year={2010},
  publisher={Springer}
}

@online{criteo-kaggle,
  author = {Criteo Labs},
  title = {Kaggle Display Advertising Challenge Dataset},
  year = 2014,
  url = {http://labs.criteo.com/2014/02/kaggle-display-advertising-challenge-dataset/},
  urldate = {2017-02-01}
}

@inproceedings{gama2009issues,
  title={Issues in evaluation of stream learning algorithms},
  author={Gama, Jo{\~a}o and Sebasti{\~a}o, Raquel and Rodrigues, Pedro Pereira},
  booktitle={Proceedings of the 15th ACM SIGKDD international conference on Knowledge discovery and data mining},
  pages={329--338},
  year={2009},
  organization={ACM}
}

@article{mnih2013playing,
  title={Playing atari with deep reinforcement learning},
  author={Mnih, Volodymyr and Kavukcuoglu, Koray and Silver, David and Graves, Alex and Antonoglou, Ioannis and Wierstra, Daan and Riedmiller, Martin},
  journal={arXiv preprint arXiv:1312.5602},
  year={2013}
}

@article{silver2016mastering,
  title={Mastering the game of Go with deep neural networks and tree search},
  author={Silver, David and Huang, Aja and Maddison, Chris J and Guez, Arthur and Sifre, Laurent and Van Den Driessche, George and Schrittwieser, Julian and Antonoglou, Ioannis and Panneershelvam, Veda and Lanctot, Marc and others},
  journal={Nature},
  volume={529},
  number={7587},
  pages={484--489},
  year={2016},
  publisher={Nature Publishing Group}
}
@article{baldi2014searching,
  title={Searching for exotic particles in high-energy physics with deep learning},
  author={Baldi, Pierre and Sadowski, Peter and Whiteson, Daniel},
  journal={Nature communications},
  volume={5},
  year={2014},
  publisher={Nature Publishing Group}
}

@inproceedings{ma2009identifying,
  title={Identifying suspicious URLs: an application of large-scale online learning},
  author={Ma, Justin and Saul, Lawrence K and Savage, Stefan and Voelker, Geoffrey M},
  booktitle={Proceedings of the 26th annual international conference on machine learning},
  pages={681--688},
  year={2009},
  organization={ACM}
}

@article{collobert2002parallel,
  title={A parallel mixture of SVMs for very large scale problems},
  author={Collobert, Ronan and Bengio, Samy and Bengio, Yoshua and others},
  journal={Neural computation},
  volume={14},
  number={5},
  pages={1105--1114},
  year={2002}
}
@inproceedings{sklearn_api,
  author    = {Lars Buitinck and Gilles Louppe and Mathieu Blondel and
               Fabian Pedregosa and Andreas Mueller and Olivier Grisel and
               Vlad Niculae and Peter Prettenhofer and Alexandre Gramfort
               and Jaques Grobler and Robert Layton and Jake VanderPlas and
               Arnaud Joly and Brian Holt and Ga{\"{e}}l Varoquaux},
  title     = {{API} design for machine learning software: experiences from the scikit-learn
               project},
  booktitle = {ECML PKDD Workshop: Languages for Data Mining and Machine Learning},
  year      = {2013},
  pages = {108--122},
}

@inproceedings{street2001streaming,
  title={A streaming ensemble algorithm (SEA) for large-scale classification},
  author={Street, W Nick and Kim, YongSeog},
  booktitle={Proceedings of the seventh ACM SIGKDD international conference on Knowledge discovery and data mining},
  pages={377--382},
  year={2001},
  organization={ACM}
}

@article{platt199912,
  title={12 fast training of support vector machines using sequential minimal optimization},
  author={Platt, John C},
  journal={Advances in kernel methods},
  pages={185--208},
  year={1999}
}

@article{vitter1985random,
  title={Random sampling with a reservoir},
  author={Vitter, Jeffrey S},
  journal={ACM Transactions on Mathematical Software (TOMS)},
  volume={11},
  number={1},
  pages={37--57},
  year={1985},
  publisher={ACM}
}

@inproceedings{agarwal2014laser,
  title={Laser: A scalable response prediction platform for online advertising},
  author={Agarwal, Deepak and Long, Bo and Traupman, Jonathan and Xin, Doris and Zhang, Liang},
  booktitle={Proceedings of the 7th ACM international conference on Web search and data mining},
  pages={173--182},
  year={2014},
  organization={ACM}
}

@misc{criteo-log,
  author = {Olivier Chapelle},
  title = {{Terabyte Criteo Click Logs}},
  howpublished = "\url{http://labs.criteo.com/2013/12/download-terabyte-click-logs-2/}",
  year = {2013}, 
  note = "[Online; accessed 25-September-2017]"
}

@misc{newyork-taxi,
  author = {Olivier Chapelle},
  title = {NYC Taxi \& Lomousine Commision Trip Record Data},
  howpublished = "\url{http://www.nyc.gov/html/tlc/html/about/trip_record_data.shtml}",
  note = "[Online; accessed 10-April-2018]"
}

@article{qian1999momentum,
  title={On the momentum term in gradient descent learning algorithms},
  author={Qian, Ning},
  journal={Neural networks},
  volume={12},
  number={1},
  pages={145--151},
  year={1999},
  publisher={Elsevier}
}
@article{kingma2014adam,
  title={Adam: A method for stochastic optimization},
  author={Kingma, Diederik and Ba, Jimmy},
  journal={arXiv preprint arXiv:1412.6980},
  year={2014}
}
@article{tieleman2012lecture,
  title={Lecture 6.5-rmsprop: Divide the gradient by a running average of its recent magnitude},
  author={Tieleman, Tijmen and Hinton, Geoffrey},
  journal={COURSERA: Neural networks for machine learning},
  volume={4},
  number={2},
  pages={26--31},
  year={2012}
}
@article{zeiler2012adaptive,
  title={An adaptive learning rate method. arXiv preprint},
  author={Zeiler, Matthew D Adadelta},
  journal={arXiv preprint arXiv:1212.5701},
  year={2012}
}

@inproceedings{baylor2017tfx,
  title={TFX: A TensorFlow-Based Production-Scale Machine Learning Platform},
  author={Baylor, Denis and Breck, Eric and Cheng, Heng-Tze and Fiedel, Noah and Foo, Chuan Yu and Haque, Zakaria and Haykal, Salem and Ispir, Mustafa and Jain, Vihan and Koc, Levent and others},
  booktitle={Proceedings of the 23rd ACM SIGKDD International Conference on Knowledge Discovery and Data Mining},
  pages={1387--1395},
  year={2017},
  organization={ACM}
}

@inproceedings{li2014scaling,
  title={Scaling Distributed Machine Learning with the Parameter Server.},
  author={Li, Mu and Andersen, David G and Park, Jun Woo and Smola, Alexander J and Ahmed, Amr and Josifovski, Vanja and Long, James and Shekita, Eugene J and Su, Bor-Yiing},
  booktitle={OSDI},
  volume={1},
  number={10.4},
  pages={3},
  year={2014}
}

@article{bergstra2012random,
  title={Random search for hyper-parameter optimization},
  author={Bergstra, James and Bengio, Yoshua},
  journal={Journal of Machine Learning Research},
  volume={13},
  number={Feb},
  pages={281--305},
  year={2012}
}

@article{duchi2011adaptive,
  title={Adaptive subgradient methods for online learning and stochastic optimization},
  author={Duchi, John and Hazan, Elad and Singer, Yoram},
  journal={Journal of Machine Learning Research},
  volume={12},
  number={Jul},
  pages={2121--2159},
  year={2011}
}

@inproceedings{ling2017model,
  title={Model Ensemble for Click Prediction in Bing Search Ads},
  author={Ling, Xiaoliang and Deng, Weiwei and Gu, Chen and Zhou, Hucheng and Li, Cui and Sun, Feng},
  booktitle={Proceedings of the 26th International Conference on World Wide Web Companion},
  pages={689--698},
  year={2017},
  organization={International World Wide Web Conferences Steering Committee}
}